@string{ABE   = "Annals of Biomedical Engineering"}
@string{ARFM   = "Ann.~Rev.~Fluid Mech."}
@string{AIAAJ   = "AIAA Journal"}
@string{AJNR     = "Am.~J Neuroradiology"}
@string{AJP     = "Am.~J Physiol"}
@string{CAF     = "Computers and Fluids"}
@string{CFDJ     = "Computational Fluid Dynamics Journal"}
@string{CWI     = "Centrum voor Wiskunde en Informatica"}
@string{CompFl     = "Computers and Fluids"}
@string{IJNME   = "International Journal for Numerical Methods in Engineering"}
@string{IJNMF   = "International Journal for Numerical Methods in Fluids"}
@string{JAC     = "Journal of Aircraft"}
@string{JBioMech     = "Journal of Biomechanics"}
@string{JBME     = "Journal of Biomechanical Engineering"}
@string{JCP     = "Journal of Computational Physics"}
@string{JFM     = "Journal of Fluid Mechanics"}
@string{JGR     = "Journal of Geophysical Research"}
@string{JNNFM   = "Journal of Non-Newtonian Fluid Mechanics"}
@string{JOMS   = "Journal of Optimization Methods and Software"}
@string{JSC     = "Journal of Scientific Computing"}
@string{MIT     = "Massachusetts Institute of Technology"}
@string{SIAM    = "Society for Industrial and Applied Mathematics"}
@string{SIAMJNA = "SIAM Journal on Numerical Analysis"}
@string{SIAMJSC= "SIAM Journal on Scientific Computing"}
@string{SIAMJSSC= "SIAM Journal on Scientific and Statistical Computing"}
@string{UM      = "University of Michigan"}
@string{VKI = "{V}on {K}arman {I}nstitute for {F}luid {D}ynamics"}
@string{SAEQ = "School of Aeronautical Engineering, The Queen's University Belfast"}
