@article{heatPump2022,
title = {Development of efficient, flexible and affordable heat pumps for supporting heat and power decarbonisation in the UK and beyond: Review and perspectives},
journal = {Renewable and Sustainable Energy Reviews},
volume = {154},
pages = {111747},
year = {2022},
issn = {1364-0321},
doi = {https://doi.org/10.1016/j.rser.2021.111747},
url = {https://www.sciencedirect.com/science/article/pii/S1364032121010182},
author = {\textbf{Yang Wang} and Jihong Wang and Wei He},
}

@article{heatPump2021,
title = {Temporospatial techno-economic analysis of heat pumps for decarbonising heating in Great Britain},
journal = {Energy and Buildings},
volume = {250},
pages = {111198},
year = {2021},
issn = {0378-7788},
doi = {https://doi.org/10.1016/j.enbuild.2021.111198},
url = {https://www.sciencedirect.com/science/article/pii/S0378778821004825},
author = {\textbf{Yang Wang} and Wei He},
keywords = {Domestic heat decarbonisation, Low-carbon heat, Air source heat pump, Ground source heat pump, Gas boiler},
}

@article{jdmCAD19,
author = {Jens-Dominik Müller and Xingchen Zhang and Siamak Akbarzadeh and \textbf{Yang Wang}},
title = {Geometric continuity constraints of automatically derived parametrisations in CAD-based shape optimisation},
journal = {International Journal of Computational Fluid Dynamics},
volume = {33},
number = {6-7},
pages = {272-288},
year  = {2019},
publisher = {Taylor & Francis},
doi = {10.1080/10618562.2019.1683166},
URL = {https://doi.org/10.1080/10618562.2019.1683166},
eprint = {https://doi.org/10.1080/10618562.2019.1683166}
}

@article{HE20172120,
title = "Study of cycle-to-cycle dynamic characteristics of adiabatic Compressed Air Energy Storage using packed bed Thermal Energy Storage",
journal = "Energy",
volume = "141",
pages = "2120 - 2134",
year = "2017",
issn = "0360-5442",
doi = "https://doi.org/10.1016/j.energy.2017.11.016",
url = "http://www.sciencedirect.com/science/article/pii/S0360544217318662",
author = "Wei He and Jihong Wang and \textbf{Yang} \textbf{Wang} and Yulong Ding and Haisheng Chen and Yuting Wu and Seamus Garvey",
keywords = "Adiabatic compressed air energy storage, Packed bed thermal energy storage, Cycle-to-cycle modelling, Steady-state performance"
}

@article{geng2016research,
  title={The research of space-time coupled spectral element method for acoustic wave equations},
  author={Geng, Yanhui and Qin, Guoliang and \textbf{Yang Wang} and He, Wei},
  journal={Chinese Journal of Acoustics},
  volume={35},
  number={01},
  pages={31--49},
  year={2016}
}
@article{he2015stand,
  title={Stand-alone seawater {RO} (reverse osmosis) desalination powered by {PV} (photovoltaic) and {PRO} (pressure retarded osmosis)},
  author={He, Wei and \textbf{Yang Wang} and Shaheed, Mohammad Hasan},
  journal={Energy},
  volume={86},
  pages={423--435},
  year={2015},
  journal = "Energy",
issn = "0360-5442",
doi = "https://doi.org/10.1016/j.energy.2015.04.046",
url = "http://www.sciencedirect.com/science/article/pii/S0360544215005010",
author = "Wei He and Yang Wang and Mohammad Hasan Shaheed",
keywords = "Stand-alone desalination plant, Hybrid salinity-solar power generation, Concentration polarization effect, Reverse salt permeation effect, Optimal operation strategy",
  publisher={Elsevier}
}

@article{he2015maximum,
  title={Maximum power point tracking ({MPPT}) of a scale-up pressure retarded osmosis ({PRO}) osmotic power plant},
  author={He, Wei and \textbf{Yang Wang} and Shaheed, Mohammad Hasan},
  journal={Applied Energy},
  volume={158},
  pages={584--596},
  year={2015},
  publisher={Elsevier}
}

@article{he2016evaluation,
  title={Evaluation of the detrimental effects in osmotic power assisted reverse osmosis ({RO}) desalination},
  author={He, Wei and \textbf{Yang Wang} and Elyasigomari, Vahid and Shaheed, Mohammad Hasan},
  journal={Renewable Energy},
  volume={93},
  pages={608--619},
  year={2016},
  publisher={Elsevier},
issn = "0960-1481",
doi = "https://doi.org/10.1016/j.renene.2016.02.067",
url = "http://www.sciencedirect.com/science/article/pii/S0960148116301689",
author = "Wei He and Yang Wang and Vahid Elyasigomari and Mohammad Hasan Shaheed",
keywords = "Pressure retarded osmosis, Reverse osmosis, Specific energy consumption, Detrimental effects",
}

@inproceedings{wang2015stabilisation,
  title={Stabilisation of Discrete Adjoint Solvers for Incompressible Flow},
  author={\textbf{Yang Wang} and Akbarzadeh, Siamak and M{\"u}ller, Jens-Dominik},
  booktitle={22nd AIAA Computational Fluid Dynamics Conference},
  pages={2749},
  year={2015}
}

@inproceedings{akbarzadeh2015fixed,
  title={Fixed point discrete adjoint of {SIMPLE}-like solvers},
  author={Akbarzadeh, Siamak and \textbf{Yang Wang} and M{\"u}ller, Jens-Dominik},
  booktitle={22nd AIAA Computational Fluid Dynamics Conference},
  pages={2750},
  year={2015}
}

@article{zhang2016geometric,
  title={Geometric continuity constraints for adjacent nurbs patches in shape optimisation},
  author={Zhang, Xingchen and \textbf{Yang Wang} and Gugala, Mateusz and M{\"u}ller, Jens-Dominik},
  journal={ECCOMAS-2016},
  year={2016}
}

@article{wang2016computational,
  title={Computational fluid dynamics ({CFD}) based modelling of osmotic energy generation using pressure retarded osmosis ({PRO})},
  journal = "Desalination",
volume = "389",
pages = "98 - 107",
year = "2016",
note = "Pressure Retarded Osmosis",
issn = "0011-9164",
doi = "https://doi.org/10.1016/j.desal.2016.02.002",
url = "http://www.sciencedirect.com/science/article/pii/S0011916416300406",
  author={\textbf{Yang Wang} and He, Wei and Zhu, Hai},
  pages={98--107},
  publisher={Elsevier}
}

@phdthesis{wang2017robust,
title={Robust and stable discrete adjoint solver development for shape optimisation of incompressible flows with industrial applications},
  author={\textbf{Yang Wang}},
  year={2017},
  school={Queen Mary University of London}
}

@article{WANG201926,
title = "Sensitivity analysis and gradient-based optimisation of feed spacer shape in reverse osmosis membrane processes using discrete adjoint approach",
journal = "Desalination",
volume = "449",
pages = "26 - 40",
year = "2019",
issn = "0011-9164",
doi = "https://doi.org/10.1016/j.desal.2018.09.016",
url = "http://www.sciencedirect.com/science/article/pii/S0011916418304132",
author = "\textbf{Yang Wang} and Wei He and Jens-Dominik M{\"u}ller",
keywords = "Spacer shape optimisation, Sensitivity analysis, Gradient-based design procedure, Discrete adjoint method"
}

@article{wang18stablisation,
  title={Re-visit {SIMPLE}-like algorithms via {P}ressure {S}chur {C}omplement for stabilisation of discrete adjoint solver with industrial incompressible flow application},
  author={\textbf{Yang Wang} and M{\"u}ller, Jens-Dominik},
  journal={},
  volume={},
  pages={},
  year={},
  note={In preparation.},
  publisher={}
}

%@article{wang18CAES,
%  title={Pumped seawater combined with {C}ompressed {A}ir {E}nergy {S}torage: an integrated co-storing/producing energy/water system},
%  author={\textbf{Yang Wang} and He, Wei and Wang, Jihong},
%  journal={Applied Energy},
%  volume={},
%  pages={},
%  note={Under revision.},
%  publisher={}
%}
@article{jens2019CAD,
author = {Jens-Dominik Müller and Xingchen Zhang and Siamak Akbarzadeh and \textbf{Yang Wang}},
title = {Geometric continuity constraints of automatically derived parametrisations in CAD-based shape optimisation},
journal = {International Journal of Computational Fluid Dynamics},
volume = {33},
number = {6-7},
pages = {272-288},
year  = {2019},
publisher = {Taylor & Francis},
doi = {10.1080/10618562.2019.1683166},
URL = {https://doi.org/10.1080/10618562.2019.1683166},
eprint = {https://doi.org/10.1080/10618562.2019.1683166}
}

@article{HE201427,
title = {Thermodynamic analysis of a stand-alone reverse osmosis desalination system powered by pressure retarded osmosis},
journal = {Desalination},
volume = {352},
pages = {27-37},
year = {2014},
issn = {0011-9164},
doi = {https://doi.org/10.1016/j.desal.2014.08.006},
url = {https://www.sciencedirect.com/science/article/pii/S001191641400438X},
author = {Wei He and \textbf{Yang Wang} and Adel Sharif and Mohammad Hasan Shaheed}
}
