
@Article{chorin:68projection,
author = "A. J. Chorin",
title = "Numerical solution of the Navier-Stokes equations",
journal = "Mathematics of Computation",
year = 1968,
volume = 22,
pages = "745-762",

}

@Article{chorin:67jcp,
author = "A. J. Chorin",
title = "A numerical method for solving incompressible viscous flow problems",
journal = "JCP",
year = 1967,
volume = 2,
pages = "12-26",

}


@Article{turkel:87jcp,
author = "E. Turkel",
title = "Preconditioned methods for solving the incompressible and low speed compressible equations",
journal = "JCP",
year = 1987,
volume = 72,
pages = "277-298",

}



@inproceedings{hascoet2004tapenade,
  title={TAPENADE: a tool for Automatic Differentiation of programs},
  author={Hasco{\"e}t, L.},
  booktitle={Proceedings of 4th European Congress on Computational Methods, ECCOMAS},
  year={2004}}

@article{xu2015stabilisation,
  title={Stabilisation of discrete steady adjoint solvers},
  author={Xu, Shenren and Radford, David and Meyer, Marcus and M{\"u}ller, Jens-Dominik},
  journal={Journal of Computational Physics},
  volume={299},
  pages={175--195},
  year={2015},
  publisher={Elsevier}
}

@inproceedings{wang2015stabilisation,
  title={Stabilisation of Discrete Adjoint Solvers for Incompressible Flow},
  author={Wang, Yang and Akbarzadeh, Siamak and M{\"u}ller, Jens-Dominik},
  booktitle={22nd AIAA Computational Fluid Dynamics Conference},
  pages={2749},
  year={2015}
}
@Article{xu15stabilisation,
  author =       {S. Xu and D. Radford and M. Meyer and J.-D. M{\"u}ller},
  title={Stabilisation of discrete steady adjoint solvers},
  journal =      JCP,
  year =         2014,
  volume =    {submitted}}

@article{campobasso2003effects,
  title={Effects of flow instabilities on the linear analysis of turbomachinery aeroelasticity},
  author={Campobasso, M Sergio and Giles, Michael B},
  journal={Journal of propulsion and power},
  volume={19},
  number={2},
  pages={250--259},
  year={2003}
}

@article{campobasso2004stabilization,
  title={Stabilization of a linear flow solver for turbomachinery aeroelasticity using Recursive Projection Method},
  author={Campobasso, Michele Sergio and Giles, Michael B},
  journal={AIAA journal},
  volume={42},
  number={9},
  pages={1765--1774},
  year={2004}
}

@article{philippe09jcp,
 title = {A robust and efficient finite volume scheme for the discretization of
diffusive flux on extremely skewed meshes in complex geometries},
 author={Philippe Traoré and Yves Marcel Ahipo and Christophe Louste},
 journal = {J. Comput. Phys.},
 volume = "228",
number = "14",
pages = "5148 - 5159",
 issn = {0021-9991},
 year = "2009",
 publisher = {Academic Press Professional, Inc.},
 address = {San Diego, CA, USA},
key = {{$\!\!$}}
}

@article{xue2013,
title = "A finite volume formulation for transient convection and diffusion equations with unstructured distorted grids and its applications in fluid flow simulations with a collocated variable arrangement ",
journal = "Computer Methods in Applied Mechanics and Engineering ",
volume = "253",
number = "0",
pages = "146 - 159",
year = "2013",
note = "",
issn = "0045-7825",
doi = "http://dx.doi.org/10.1016/j.cma.2012.09.016",
url = "http://www.sciencedirect.com/science/article/pii/S0045782512003076",
author = "S.-C. Xue and G.W. Barton",
keywords = "Convective and diffusive fluxes",
keywords = "Finite volume formulation",
keywords = "Multi-dimensional flow",
keywords = "\{SIMPLER\} algorithm",
keywords = "Unstructured grid "
}

@phdthesis{dwight06efficiency,
  title={Efficiency improvements of RANS-based analysis and optimization using implicit and adjoint methods on unstructured grids},
  author={Dwight, Richard P},
  year={2006},
  school={the University of Manchester}
}


@phdthesis{dwight2006efficiency,
  title={Efficiency improvements of RANS-based analysis and optimization using implicit and adjoint methods on unstructured grids},
  author={Dwight, Richard P},
  year={2006},
  school={the University of Manchester}
}


@Article{vandoormal84enhancements,
  author =       {Van Doormal, J. P. and Raithby, G. D},
  title =        {Enhancements of the SIMPLE Method for Predicting Incompressible Fluid Flows},
  journal =      {Numerical Heat Transfer},
  year =         1984,
  volume =    7,
  number =    2,
  pages =     {147-63}}


@Article{elman02performance,
author={Elman, Howard C. and Silvester, David J. and Wathen, Andrew J.},
title={Performance and analysis of saddle point preconditioners for the discrete steady-state Navier-Stokes equations},
journal={Num.~Math.},
  year =         2002,
  volume =    90,
  number =    4,
  pages =     {665-688}}
  
@Article{duminil:14na,
	author={S. Duminil, H. Sadok and D. Silvester},
	title={Fast solver for discretized Navier-Stokes problems using vector extrapolation},
	journal={Num.~Algor.},
  	year =         2014,
  	volume =    66,
  	pages =     {89-104}}

@article{benzi11relaxed,
author = "Michele Benzi and Michael Ng and Qiang Niu and Zhen Wang",
title = "A Relaxed Dimensional Factorization preconditioner for the incompressible Navier–Stokes equations ",
journal = JCP,
volume = "230",
number = "16",
pages = "6185-202",
year = 2011}

@article{benzi2005,
  title={Numerical solution of saddle point problems},
  author={Benzi, Michele and Golub, Gene H and Liesen, J{\"o}rg},
  journal={Acta numerica},
  volume={14},
  pages={1--137},
  year={2005},
  publisher={Cambridge Univ Press}
}

@article{benzi2002preconditioning,
  title={Preconditioning techniques for large linear systems: a survey},
  author={Benzi, Michele},
  journal={Journal of computational Physics},
  volume={182},
  number={2},
  pages={418--477},
  year={2002},
  publisher={Elsevier}
}
 
@Article{iman08jcp,
  author =       {Iman Borazjania, Liang Geb, Fotis Sotiropoulos},
  title =        {Curvilinear Immersed Boundary Method for Simulating Fluid Structure Interaction with Complex 3D Rigid Bodies},
  journal =      JCP,
  year =         2008,
  volume =    227,
  number=16,
  pages =     {7587–7620}}


@Article{issa86solution,
  author =       {R. I. Issa},
  title =        {Solution of the Implicitly Discretized Fluid Flow Equations by Operator Splitting},
  journal =      JCP,
  year =         1986,
  volume =    62,
  pages =     {40-65}}
  
@Article{issa86jcp,
  author =       {R. I. Issa, A. D. Gosmann and A. D. Watkind},
  title =        {The computaion of compressible and incompressible recirculating flows by a non-iterative scheme},
  journal =      JCP,
  year =         1986,
  volume =    62,
  pages =     {66-82}}

@Article{patankar72calculation,
  author =       {Patankar, S. V. and Spalding, D.B},
  title =        {A calculation procedure for heat, mass and momentum transfer in three-dimensional parabolic flow},
  journal =      {Int. J. of Heat and Mass Transfer},
  year =         1972,
  volume =    15,
  number =    10,
  pages =     {1787-1806}}
  
 @Article{patankar:81simpler,
  author =       {Patankar, S. V. },
  title =        {A calculation procedure for two-dimensional elliptic situations},
  journal =      {Int. J. of Heat and Mass Transfer},
  year =         1981,
  volume =    4,
  pages =     {409-425}}

@article{droniou10unified,
author = {J. Droniou and R. Eymard and T. Gallou\"et and R. Herbin},
title = {A unified approach to mimetic finite difference, hybrid finite volume and mixed finite volume methods},
journal = {Mathematical Models and Methods in Applied Sciences},
volume = {20},
number = {02},
pages = {265-295},
year = {2010},
}


@InCollection{turner:64a,
  author = 	 {M. J. Turner and H. C. Martin and R. C. Leible},
  title = 	 {Further Development and Applications of Stiffness Methods},
  booktitle = 	 {Matrix Methods of Structural Analysis},
  year = 	 1964,
  edition =      {1st},
  publisher =    {Macmillian},
  address =      {New York},
  volume =	 1,
  pages =	 {203-266}
}  

@Article{bhutta:90jsr,
  author = 	 {B. A. Bhutta and C. H. Lewis},
  title = 	 {Large-Angle-of-Attack Vicous Hypersonic Flows over
                  Complex Lifting Configurations},
  journal = 	 {Journal of Spacecraft and Rockets},
  year = 	 1990,
  volume =	 27,
  number =	 2,
  pages =	 {194-204},
  note =	 {also AIAA Paper 89--0269, Jan. 1989}
}

@Article{demirdzic87cf,
  author = 	 {I. Demirdzic, A. D. Gosman, R. I. Issa and M. Peric},
  title = 	 {A calculation procedure for turbulent
flow in complex geometries.},
  journal = 	 {Computation Fluids},
  year = 	 1987,
  volume =	 15,
  number =	{}, 
  pages =	 {251–273},
  note =	 {}
}

@Article{peric90nht,
  author = 	 {M. Peric},
  title = 	 {Analysis of pressure velocity coupling on non-orthogonal grids.},
  journal = 	 {Numerical Heat Transfer, Part B},
  year = 	 1990,
  volume =	 17,
  number =	{}, 
  pages =	 {63-82},
  note =	 {}
}

@Article{yen93nht,
  author = 	 {R. H. Yen and C. H. Liu},
  title = 	 {Enhancement of the simple algorithm by an additional explicit
correction step.},
  journal = 	 {Numerical Heat Transfer, Part B},
  year = 	 1993,
  volume =	 17,
  number =	{}, 
  pages =	 {127–141},
  note =	 {}
}

@Article{darwish:14nht,
  title={Development of a novel fully coupled solver in openfoam: Steady-state incompressible turbulent flows},
  author={Mangani, L and Buchmayr, M and Darwish, M},
  journal={Numerical Heat Transfer, Part B: Fundamentals},
  volume={66},
  number={1},
  pages={1--20},
  year={2014},
  publisher={Taylor \& Francis}
}

@Article{darwish:08jcp,
  title={A coupled finite volume solver for the solution of incompressible flows on unstructured grids},
  author={Darwish, Marwan and Sraj, Ihab and Moukalled, Fadl},
  journal={Journal of Computational Physics},
  volume={228},
  number={1},
  pages={180--201},
  year={2009},
  publisher={Elsevier}
}

@Article{darwish:07nht,
title={A coupled incompressible flow solver on structured grids},
  author={Darwish, M and Sraj, I and Moukalled, F},
  journal={Numerical Heat Transfer, Part B: Fundamentals},
  volume={52},
  number={4},
  pages={353--371},
  year={2007},
  publisher={Taylor \& Francis}
}

@Article{darwish:04nht,
  author = 	 {M. Darwish, D. Asmar, and F. Moukalled},
  title = 	 {A Comparative Assessment within a Multi-Grids Environment of Segregated Pressure-Based Algorithms for Fluid Flow at All Speeds},
  journal = 	 {Numerical Heat Transfer, Part B},
  year = 	 2004,
  volume =	 45,
  number =	 1,
  pages =	 {49-74},
  note =	 {26}
  }
@Article{jones11cf,
  author = {Dominic Jones, Jens-Dominik M{\"u}ller and Faidon Christakopoulos},
  title = {Preparation and assembly of discrete adjoint CFD codes},
  journal = {Computers and fluids},
  year = 2011,
  volume = 46,
  pages = {282-286},
  note = {}
}

@InCollection{blottner:70cp,
  author = 	 {F. G. Blottner},
  title = 	 {Prediction of Electron Density in the Boundary Layer
                  of Entry Vehicles with Ablation},
  booktitle = 	 {The Entry Plasma Sheath and Its Effects},
  type =         {NASA SP--252},
  volume =	 1,
  year =	 1970,
  month =	 oct,
  pages =	 {219--240}
}

@InProceedings{wirin:90cp,
  author = 	 {W. B. Wirin},
  title = 	 {Space Debris 1989},
  booktitle = 	 {Proceedings of the Thrity-Second Colloquium
                 on the Law of Outer Space},
  year =	 1990,
  publisher =	 {AIAA},
  address =	 {Wahington, DC},
  pages =	 {184--196}
}

@InProceedings{przulj:02aiaa,
  author = 	 { V. Przulj and B. Basara},
  title = 	 {A SIMPLE–based control volume method for compressible flows on arbitrary grids},
  booktitle = 	 {Proceedings of the Thrity-Second Colloquium
                 on the Law of Outer Space},
  year =	 2002,
  publisher =	 {AIAA},
  address =	 {Wahington, DC},
  pages =	 {}
}


@TechReport{bhutta:90vra,
  author = 	 {B. A. Bhutta and C. H. Lewis},
  title = 	 {PNS Predictions of External/Internal Hypersonic Flows
                  for NASP Propulsion Applications},
  institution =  {VRA, Inc.},
  type =         {VRA--TR--90--01},
  year = 	 1990,
  address =	 {Blacksburg, VA},
  month =	 jun
}
 
@TechReport{thom:58rm,
  author = 	 { A. Thom and C. J. Apelt},
  title = 	 {Note on the convergence of numerical solutions of the Navier-Stokes equations},
  institution =  {Great Britain Aeronautical Research Council},
  type =         {Reports and Memoranda No. 3061},
  year = 	 1958,
  address =	 {},
  month =	{} 
}
@TechReport{miner:75ncr,
  author = 	 {E. W. Miner and C. H. Lewis},
  title = 	 {Hypersonic Ionizing Air Viscous Shock-Layer Flows
                  over Nonanlytic Blunt Bodies},
  year = 	 1975,
  type =	 {NASA CR--2250},
  month =	 may
}

@TechReport{bhutta:90cp,
  author = 	 {B. A. Bhutta and C. H. Lewis},
  title = 	 {Aerothermodynamic Performance of 3-D and Bent-Nose RVs
                  Hypersonic Conditions},
  year = 	 1990,
  type =	 {AIAA Paper 90--3068},
  month =	 aug
}

@InCollection{sutton:85ar,
  author = 	 {K. Sutton},
  title = 	 {Air Radiation Revisted},
  booktitle = 	 {Thermal Design of Aeroassisted Orbital Transfer Vehicles},
  publisher =	 {AIAA},
  year =	 1985,
  editor =	 {H. F. Nelson},
  volume =	 96,
  type =	 {Progress in Astronautics and Aeronautics},
  address =	 {New York},
  pages =	 {419--441}
}

@TechReport{anon:53,
  author = 	 {Anon.},
  title = 	 {Equations, Tables, and Charts for Compressible Flow},
  year = 	 1953,
  type =	 {NACA Rept.~1135}
}

@Misc{moss:90pc,
  author =	 {J. N. Moss},
  howpublished = {private communication,
                  NASA Langley Research Center,
                  Hampton, VA},
  year =	 1990,
  month =	 jun
}

@Book{tufte:83bk,
  author =	 {Edward R. Tufte},
  title = 	 {The Visual Display of Quantitative Information},
  publisher = 	 {Graphics Press},
  year = 	 1983
}

@Book{turek:91bk,
  author =	 {Stefan Turek},
  title = 	 {Efficient Solvers for Incompressible Flow Problems},
  publisher = 	 {Springer},
  year = 	 1991
}

@Book{ferziger:96bk,
  author =	 {Joel H.Ferziger, Milovan Peric},
  title = 	 {Computational Methods for Fluid Dynamics},
  publisher = 	 {Springer},
  year = 	 1996
}

@Book{blazek:96bk,
  author =	 {Joel H.Ferziger, Milovan Peric},
  title = 	 {Computational Fluid Dynamics: Principles and Applications},
  publisher = 	 {Elsevier},
  year = 	 1996
}
@Book{transport:02bk,
  author   ={R. Byron Bird, Warren E. Stewart and Edwin N. Lightfoot},
  title    ={Transport Phenomeno},
  publisher={John Wiley {\&} Sons},
  year     = 2002,
  edition  =2
}
