@article{Cath200670,
title = "Forward osmosis: Principles, applications, and recent developments ",
journal = "Journal of Membrane Science ",
volume = "281",
number = "1â2",
pages = "70 - 87",
year = "2006",
note = "",
issn = "0376-7388",
doi = "http://dx.doi.org/10.1016/j.memsci.2006.05.048",
url = "http://www.sciencedirect.com/science/article/pii/S0376738806003838",
author = "Tzahi Y. Cath and Amy E. Childress and Menachem Elimelech",
keywords = "Osmosis",
keywords = "Forward osmosis",
keywords = "Direct osmosis",
keywords = "Desalination",
keywords = "Reverse osmosis",
keywords = "Pressure-retarded osmosis "
}

@article{Malaeb20111,
title = "Reverse osmosis technology for water treatment: State of the art review ",
journal = "Desalination ",
volume = "267",
number = "1",
pages = "1 - 8",
year = "2011",
note = "",
issn = "0011-9164",
doi = "http://dx.doi.org/10.1016/j.desal.2010.09.001",
url = "http://www.sciencedirect.com/science/article/pii/S0011916410006351",
author = "Lilian Malaeb and George M. Ayoub",
keywords = "Brine",
keywords = "Characterization",
keywords = "Costs",
keywords = "Fouling",
keywords = "Models "
}

@article{Helfer2014337,
title = "Osmotic power with Pressure Retarded Osmosis: Theory, performance and trends â A review ",
journal = "Journal of Membrane Science ",
volume = "453",
number = "",
pages = "337 - 358",
year = "2014",
note = "",
issn = "0376-7388",
doi = "http://dx.doi.org/10.1016/j.memsci.2013.10.053",
url = "http://www.sciencedirect.com/science/article/pii/S037673881300865X",
author = "Fernanda Helfer and Charles Lemckert and Yuri G. Anissimov",
keywords = "Osmosis",
keywords = "Salinity",
keywords = "Pressure retarded osmosis",
keywords = "Renewable energy",
keywords = "Ocean energy "
}

@article{FimbresWeihs2010759,
title = "Review of 3D {CFD} modeling of flow and mass transfer in narrow spacer-filled channels in membrane modules ",
journal = "Chemical Engineering and Processing: Process Intensification ",
volume = "49",
number = "7",
pages = "759 - 781",
year = "2010",
note = "Process Intensification on Intensified Transport by Complex Geometries ",
issn = "0255-2701",
doi = "http://dx.doi.org/10.1016/j.cep.2010.01.007",
url = "http://www.sciencedirect.com/science/article/pii/S0255270110000085",
author = "G.A. Fimbres-Weihs and D.E. Wiley",
keywords = "Computational Fluid Dynamics (CFD)",
keywords = "Mass transfer",
keywords = "Novel spacer",
keywords = "Spacer design complex geometries "
}

@article{Gruber2011488,
title = "Computational fluid dynamics simulations of flow and concentration polarization in forward osmosis membrane systems ",
journal = "Journal of Membrane Science ",
volume = "379",
number = "1â2",
pages = "488 - 495",
year = "2011",
note = "",
issn = "0376-7388",
doi = "http://dx.doi.org/10.1016/j.memsci.2011.06.022",
url = "http://www.sciencedirect.com/science/article/pii/S0376738811004613",
author = "M.F. Gruber and C.J. Johnson and C.Y. Tang and M.H. Jensen and L. Yde and C. HÃ©lix-Nielsen",
keywords = "Forward osmosis",
keywords = "Computational fluid dynamics (CFD)",
keywords = "Internal concentration polarization",
keywords = "External concentration polarization",
keywords = "Desalination "
}

@article{Geraldes2001109,
title = "Flow and mass transfer modelling of nanofiltration ",
journal = "Journal of Membrane Science ",
volume = "191",
number = "1â2",
pages = "109 - 128",
year = "2001",
note = "",
issn = "0376-7388",
doi = "http://dx.doi.org/10.1016/S0376-7388(01)00458-6",
url = "http://www.sciencedirect.com/science/article/pii/S0376738801004586",
author = "VÄ±Ìtor Geraldes and Viriato SemiÃ£o and Maria Norberta de Pinho",
keywords = "Mass transfer",
keywords = "Computational fluid dynamics",
keywords = "Membrane surface boundary conditions",
keywords = "Boundary layer control "
}
@article{Fletcher2004175,
title = "A computational fluids dynamics study of buoyancy effects in reverse osmosis ",
journal = "Journal of Membrane Science ",
volume = "245",
number = "1â2",
pages = "175 - 181",
year = "2004",
note = "",
issn = "0376-7388",
doi = "http://dx.doi.org/10.1016/j.memsci.2004.07.023",
url = "http://www.sciencedirect.com/science/article/pii/S0376738804005447",
author = "D.F. Fletcher and D.E. Wiley",
keywords = "\{CFD\} modelling",
keywords = "Buoyancy effect",
keywords = "Pressure-driven membrane",
keywords = "Osmotic pressure "
}
@article{Wardeh20081107,
title = "{CFD} simulations of flow and concentration polarization in spacer-filled channels for application to water desalination ",
journal = "Chemical Engineering Research and Design ",
volume = "86",
number = "10",
pages = "1107 - 1116",
year = "2008",
note = "",
issn = "0263-8762",
doi = "http://dx.doi.org/10.1016/j.cherd.2008.04.010",
url = "http://www.sciencedirect.com/science/article/pii/S026387620800124X",
author = "S. Wardeh and H.P. Morvan",
keywords = "Desalination",
keywords = "Pressure-driven membrane",
keywords = "Concentration polarization",
keywords = "Spacers",
keywords = "Computational fluid dynamics (CFD) "
}
@article{Mantia2011,
author = "Fabio La Mantia and Mauro Pasta and Heather D. Deshazer and Bruce E. Logan and Yi Cui",
title = "Batteries for Efficient Energy Extraction from a Water Salinity Difference",
journal = "Nano Letters",
volume = "11",
number = "4",
pages = "1810-1813",
year = "2011",
}
@misc{Yearbook2015,
  author = "",
  title = "EnerData, Global Energy Statistic Yearbook 2015: Total Energy consumption - Historical stagnation in energy consumption",
  text = "",
  year = "Accessed in Jan, 2016.",
  url = "https://yearbook.enerdata.net/electricity-domestic-consumption-data-by-region.html#energy-consumption-data.html"
}

@article{Emdadi2016154,
title = "Salinity gradient energy potential at the hyper saline Urmia Lake – ZarrinehRud River system in Iran ",
journal = "Renewable Energy ",
volume = "86",
number = "",
pages = "154 - 162",
year = "2016",
note = "",
issn = "0960-1481",
doi = "http://dx.doi.org/10.1016/j.renene.2015.08.015",
url = "http://www.sciencedirect.com/science/article/pii/S0960148115302159",
author = "Arash Emdadi and Petros Gikas and Maria Farazaki and Yunus Emami",
keywords = "Renewable energy",
keywords = "Blue energy",
keywords = "Salinity gradient energy",
keywords = "Reverse electrodialysis (RED)",
keywords = "Pressure retarded osmosis (PRO)",
keywords = "Urmia Lake "
}

@article{logan2012membrane,
  title={Membrane-based processes for sustainable power generation using water},
  author={Logan, Bruce E and Elimelech, Menachem},
  journal={Nature},
  volume={488},
  number={7411},
  pages={313--319},
  year={2012},
  publisher={Nature Publishing Group}
}

@article{Han2013,
author = {Gang Han and Peng Wang and Tai-Shung Chung},
title = {Highly Robust Thin-Film Composite Pressure Retarded Osmosis (PRO) Hollow Fiber Membranes with High Power Densities for Renewable Salinity-Gradient Energy Generation},
journal = {Environmental Science \& Technology},
volume = {47},
number = {14},
pages = {8070-8077},
year = {2013},
}

@article{Alexiadis2007242,
title = "\{CFD\} modelling of reverse osmosis membrane flow and validation with experimental results ",
journal = "Desalination ",
volume = "217",
number = "1–3",
pages = "242 - 250",
year = "2007",
note = "",
issn = "0011-9164",
doi = "http://dx.doi.org/10.1016/j.desal.2007.02.014",
url = "http://www.sciencedirect.com/science/article/pii/S0011916407004870",
author = "A. Alexiadis and D.E. Wiley and A Vishnoi and R.H.K. Lee and D.F. Fletcher and J. Bao",
keywords = "Reverse osmosis",
keywords = "CFD",
keywords = "Modelling "
}


@article{Skilhagen2010,
author = { Stein Erik   Skilhagen },
title = {Osmotic power — a new, renewable energy source},
journal = {Desalination and Water Treatment},
volume = {15},
number = {1-3},
pages = {271-278},
year = {2010},}

@article{Achilli2010205,
title = "Pressure retarded osmosis: From the vision of Sidney Loeb to the first prototype installation — Review ",
journal = "Desalination ",
volume = "261",
number = "3",
pages = "205 - 211",
year = "2010",
note = "Special Issue in memory of Sidney Loeb (1917-2008) ",
issn = "0011-9164",
doi = "http://dx.doi.org/10.1016/j.desal.2010.06.017",
url = "http://www.sciencedirect.com/science/article/pii/S0011916410004091",
author = "Andrea Achilli and Amy E. Childress",
keywords = "Pressure retarded osmosis",
keywords = "Osmotic power",
keywords = "Salinity gradient power",
keywords = "Osmotically driven membrane processes",
keywords = "Renewable energy "
}

@article{Bao2013325,
title = "A review of working fluid and expander selections for organic Rankine cycle ",
journal = "Renewable and Sustainable Energy Reviews ",
volume = "24",
number = "",
pages = "325 - 342",
year = "2013",
note = "",
issn = "1364-0321",
doi = "http://dx.doi.org/10.1016/j.rser.2013.03.040",
url = "http://www.sciencedirect.com/science/article/pii/S1364032113001998",
author = "Junjiang Bao and Li Zhao",
keywords = "Organic Rankine cycle",
keywords = "Organic working fluids",
keywords = "Expanders",
keywords = "Mixed working fluids "
}

@article{yip2011thin,
  title={Thin-film composite pressure retarded osmosis membranes for sustainable power generation from salinity gradients},
  author={Yip, Ngai Yin and Tiraferri, Alberto and Phillip, William A and Schiffman, Jessica D and Hoover, Laura A and Kim, Yu Chang and Elimelech, Menachem},
  journal={Environmental science \& technology},
  volume={45},
  number={10},
  pages={4360--4369},
  year={2011},
  publisher={ACS Publications}
}

@article{He2014247,
title = "Modelling of osmotic energy from natural salt gradients due to pressure retarded osmosis: Effects of detrimental factors and flow schemes ",
journal = "Journal of Membrane Science ",
volume = "471",
number = "",
pages = "247 - 257",
year = "2014",
note = "",
issn = "0376-7388",
doi = "http://dx.doi.org/10.1016/j.memsci.2014.08.002",
url = "http://www.sciencedirect.com/science/article/pii/S0376738814006085",
author = "Wei He and Yang Wang and Mohammad Hasan Shaheed",
keywords = "Pressure retarded osmosis",
keywords = "Detrimental effects",
keywords = "Membrane area",
keywords = "Co-current cross-flow",
keywords = "Counter-current cross-flow "
}

@article{He201486,
title = "Energy and thermodynamic analysis of power generation using a natural salinity gradient based pressure retarded osmosis process ",
journal = "Desalination ",
volume = "350",
number = "",
pages = "86 - 94",
year = "2014",
note = "",
issn = "0011-9164",
doi = "http://dx.doi.org/10.1016/j.desal.2014.07.015",
url = "http://www.sciencedirect.com/science/article/pii/S0011916414003877",
author = "Wei He and Yang Wang and Mohammad Hasan Shaheed",
keywords = "Available energy",
keywords = "Desalination",
keywords = "Discharge behaviour",
keywords = "Pressure retarded osmosis",
keywords = "Two-stage \{PRO\} process "
}
@article{berman1953laminar,
  title={Laminar flow in channels with porous walls},
  author={Berman, Abraham S},
  journal={Journal of Applied physics},
  volume={24},
  number={9},
  pages={1232--1235},
  year={1953},
  publisher={AIP Publishing}
}
@article{Karode2001237,
title = "Laminar flow in channels with porous walls, revisited ",
journal = "Journal of Membrane Science ",
volume = "191",
number = "1–2",
pages = "237 - 241",
year = "2001",
note = "",
issn = "0376-7388",
doi = "http://dx.doi.org/10.1016/S0376-7388(01)00546-4",
url = "http://www.sciencedirect.com/science/article/pii/S0376738801005464",
author = "Sandeep K. Karode",
keywords = "Theory",
keywords = "Fluid flow",
keywords = "Porous slit",
keywords = "Porous tube "
}
@article{Subramani20067,
title = "Pressure, flow, and concentration profiles in open and spacer-filled membrane channels ",
journal = "Journal of Membrane Science ",
volume = "277",
number = "1–2",
pages = "7 - 17",
year = "2006",
note = "",
issn = "0376-7388",
doi = "http://dx.doi.org/10.1016/j.memsci.2005.10.021",
url = "http://www.sciencedirect.com/science/article/pii/S0376738805007192",
author = "Arun Subramani and Suhan Kim and Eric M.V. Hoek",
keywords = "Concentration polarization",
keywords = "Reverse osmosis",
keywords = "Finite element",
keywords = "Spacers",
keywords = "Modeling",
keywords = "Film theory "
}

@article{Rijsberman20065,
title = "Water scarcity: Fact or fiction? ",
journal = "Agricultural Water Management ",
volume = "80",
number = "1–3",
pages = "5 - 22",
year = "2006",
issn = "0378-3774",
doi = "http://dx.doi.org/10.1016/j.agwat.2005.07.001",
url = "http://www.sciencedirect.com/science/article/pii/S0378377405002854",
author = "Frank R. Rijsberman",
keywords = "Water scarcity",
keywords = "Indicators",
keywords = "Irrigation",
keywords = "Water productivity "
}
@Article{hess-18-447-2014,
AUTHOR = {Kummu, M. and Gerten, D. and Heinke, J. and Konzmann, M. and Varis, O.},
TITLE = {Climate-driven interannual variability of water scarcity in food production potential: a global analysis},
JOURNAL = {Hydrology and Earth System Sciences},
VOLUME = {18},
YEAR = {2014},
NUMBER = {2},
PAGES = {447--461},
URL = {http://www.hydrol-earth-syst-sci.net/18/447/2014/},
DOI = {10.5194/hess-18-447-2014}
}
@article{Hoekstra2012,
    author = {Hoekstra, Arjen Y. AND Mekonnen, Mesfin M. AND Chapagain, Ashok K. AND Mathews, Ruth E. AND Richter, Brian D.},
    journal = {PLoS ONE},
    publisher = {Public Library of Science},
    title = {Global Monthly Water Scarcity: Blue Water Footprints versus Blue Water Availability},
    year = {2012},
    month = {02},
    volume = {7},
    url = {http://dx.doi.org/10.1371%2Fjournal.pone.0032688},
    pages = {1-9},
    number = {2},
    doi = {10.1371/journal.pone.0032688}
}
@book{baawain2015recent,
  title={Recent progress in desalination, environmental and marine outfall systems},
  author={Baawain, Mahad Said and Choudri, BS and Ahmed, Mushtaque and Purnama, Anton},
  year={2015},
  publisher={Springer}
}
@misc{AwerbuchLecture,
  Author = {Leon Awerbuch},
  Institution = {Department of Nuclear Science and Engineering Massachusetts Institute of Technology},
  url={http://web.mit.edu/ans/www/documents/seminar/S09/awerbuch_slides.pdf},
  Year = {2009},
  Title = {Future Directions in Integration of Desalination, Energy and the Environment}
}
@article{Schwinge200453,
title = "Novel spacer design improves observed flux ",
journal = "Journal of Membrane Science ",
volume = "229",
number = "1–2",
pages = "53 - 61",
year = "2004",
note = "",
issn = "0376-7388",
doi = "http://dx.doi.org/10.1016/j.memsci.2003.09.015",
url = "http://www.sciencedirect.com/science/article/pii/S037673880300499X",
author = "J. Schwinge and D.E. Wiley and A.G. Fane",
keywords = "Feed spacer",
keywords = "Spiral wound module",
keywords = "Mass transfer enhancement",
keywords = "Pressure loss",
keywords = "Fouling "
}
@article{Sablani2001269,
title = "Concentration polarization in ultrafiltration and reverse osmosis: a critical review ",
journal = "Desalination ",
volume = "141",
number = "3",
pages = "269 - 289",
year = "2001",
note = "",
issn = "0011-9164",
doi = "http://dx.doi.org/10.1016/S0011-9164(01)85005-0",
url = "http://www.sciencedirect.com/science/article/pii/S0011916401850050",
author = "SS Sablani and MFA Goosen and R Al-Belushi and M Wilf",
keywords = "Concentration polarization",
keywords = "Modeling",
keywords = "Reverse osmosis",
keywords = "Ultrafiltration",
keywords = "Membrane separation processes "
}
@article{Fritzmann20071,
title = "State-of-the-art of reverse osmosis desalination ",
journal = "Desalination ",
volume = "216",
number = "1–3",
pages = "1 - 76",
year = "2007",
note = "",
issn = "0011-9164",
doi = "http://dx.doi.org/10.1016/j.desal.2006.12.009",
url = "http://www.sciencedirect.com/science/article/pii/S0011916407004250",
author = "C. Fritzmann and J. Löwenberg and T. Wintgens and T. Melin",
keywords = "Desalination",
keywords = "Reverse osmosis "
}
@article{Geraldes2003395,
title = "Hydrodynamics and concentration polarization in NF/RO spiral-wound modules with ladder-type spacers ",
journal = "Desalination ",
volume = "157",
number = "1–3",
pages = "395 - 402",
year = "2003",
note = "Desalination and the Environment: Fresh Water for all ",
issn = "0011-9164",
doi = "http://dx.doi.org/10.1016/S0011-9164(03)00422-3",
url = "http://www.sciencedirect.com/science/article/pii/S0011916403004223",
author = "Vitor Geraldes and Viriato Semião and Maria Norberta Pinho",
keywords = "Spiral-wound module",
keywords = "Spacer",
keywords = "Nanofiltration",
keywords = "Reverse osmosis",
keywords = "Computational fluid dynamics "
}
@article{Geraldes2002187,
title = "The effect of the ladder-type spacers configuration in \{NF\} spiral-wound modules on the concentration boundary layers disruption ",
journal = "Desalination ",
volume = "146",
number = "1–3",
pages = "187 - 194",
year = "2002",
note = "",
issn = "0011-9164",
doi = "http://dx.doi.org/10.1016/S0011-9164(02)00467-8",
url = "http://www.sciencedirect.com/science/article/pii/S0011916402004678",
author = "Vítor Geraldes and Viriato Semião and Maria Norberta de Pinho",
keywords = "Spiral-wound module",
keywords = "Ladder-type spacers",
keywords = "Nanofiltration",
keywords = "Reverse osmosis",
keywords = "Concentration polarization",
keywords = "CFD "
}
@article{Geraldes200287,
title = "Flow management in nanofiltration spiral wound modules with ladder-type spacers ",
journal = "Journal of Membrane Science ",
volume = "203",
number = "1–2",
pages = "87 - 102",
year = "2002",
note = "",
issn = "0376-7388",
doi = "http://dx.doi.org/10.1016/S0376-7388(01)00753-0",
url = "http://www.sciencedirect.com/science/article/pii/S0376738801007530",
author = "Vı́tor Geraldes and Viriato Semião and Maria Norberta de Pinho",
keywords = "Spiral wound modules",
keywords = "Ladder-type spacers",
keywords = "Computational fluid dynamics",
keywords = "Local flow structure",
keywords = "Flow visualisation "
}
@article{Santos2007103,
title = "Investigation of flow patterns and mass transfer in membrane module channels filled with flow-aligned spacers using computational fluid dynamics (CFD) ",
journal = "Journal of Membrane Science ",
volume = "305",
number = "1–2",
pages = "103 - 117",
year = "2007",
note = "",
issn = "0376-7388",
doi = "http://dx.doi.org/10.1016/j.memsci.2007.07.036",
url = "http://www.sciencedirect.com/science/article/pii/S0376738807005042",
author = "J.L.C. Santos and V. Geraldes and S. Velizarov and J.G. Crespo",
keywords = "Computational fluid dynamics (CFD)",
keywords = "Membrane processing",
keywords = "Nanofiltration",
keywords = "Spacer",
keywords = "Friction factor",
keywords = "Wall shear stress",
keywords = "Organic solvent nanofiltration "
}
@article{Ahmad2005138,
title = "Impact of different spacer filament geometries on concentration polarization control in narrow membrane channel ",
journal = "Journal of Membrane Science ",
volume = "262",
number = "1–2",
pages = "138 - 152",
year = "2005",
note = "",
issn = "0376-7388",
doi = "http://dx.doi.org/10.1016/j.memsci.2005.06.056",
url = "http://www.sciencedirect.com/science/article/pii/S0376738805005260",
author = "A.L. Ahmad and K.K. Lau and M.Z. Abu Bakar",
keywords = "Computational fluid dynamics (CFD) simulation",
keywords = "Spacer filament geometries",
keywords = "Concentration polarization",
keywords = "Pressure drop",
keywords = "Turbulence "
}
@article{Shakaib2009270,
title = "\{CFD\} modeling for flow and mass transfer in spacer-obstructed membrane feed channels ",
journal = "Journal of Membrane Science ",
volume = "326",
number = "2",
pages = "270 - 284",
year = "2009",
note = "",
issn = "0376-7388",
doi = "http://dx.doi.org/10.1016/j.memsci.2008.09.052",
url = "http://www.sciencedirect.com/science/article/pii/S0376738808008739",
author = "M. Shakaib and S.M.F. Hasani and M. Mahmood",
keywords = "CFD",
keywords = "Spacers",
keywords = "Mass transfer coefficient",
keywords = "Shear stress distribution",
keywords = "Pressure drop "
}
@article{Lee2016480,
title = "The potential to enhance membrane module design with 3D printing technology ",
journal = "Journal of Membrane Science ",
volume = "499",
number = "",
pages = "480 - 490",
year = "2016",
note = "",
issn = "0376-7388",
doi = "http://dx.doi.org/10.1016/j.memsci.2015.11.008",
url = "http://www.sciencedirect.com/science/article/pii/S0376738815303082",
author = "Jian-Yuan Lee and Wen See Tan and Jia An and Chee Kai Chua and Chuyang Y. Tang and Anthony G. Fane and Tzyy Haur Chong",
keywords = "Membrane",
keywords = "Feed spacer",
keywords = "3D printing",
keywords = "Additive manufacturing",
keywords = "Rapid prototyping "
}
@article{Saeed2013,
author = {Asim Saeed and Rupa Vuthaluru and Hari B. Vuthaluru},
title = {Impact of Feed Spacer Filament Spacing on Mass Transport and Fouling Propensities of RO Membrane Surfaces},
journal = {Chemical Engineering Communications},
volume = {202},
number = {5},
pages = {634-646},
year = {2015},
doi = {10.1080/00986445.2013.860525},
URL = {http://dx.doi.org/10.1080/00986445.2013.860525},
eprint = {http://dx.doi.org/10.1080/00986445.2013.860525}
}
@article{Guillen2009221,
title = "Modeling the impacts of feed spacer geometry on reverse osmosis and nanofiltration processes ",
journal = "Chemical Engineering Journal ",
volume = "149",
number = "1–3",
pages = "221 - 231",
year = "2009",
note = "",
issn = "1385-8947",
doi = "http://dx.doi.org/10.1016/j.cej.2008.10.030",
url = "http://www.sciencedirect.com/science/article/pii/S1385894708007055",
author = "Greg Guillen and Eric M.V. Hoek",
keywords = "Reverse osmosis",
keywords = "Nanofiltration",
keywords = "Computational fluid dynamics",
keywords = "Mass transfer",
keywords = "Water treatment "
}
@article{Amokrane2015,
author = {Mounir Amokrane and Djamel Sadaoui and Michel Dudeck and Chrysafenia P. Koutsou},
title = {New spacer designs for the performance improvement of the zigzag spacer configuration in spiral-wound membrane modules},
journal = {Desalination and Water Treatment},
volume = {57},
number = {12},
pages = {5266-5274},
year = {2016},
doi = {10.1080/19443994.2015.1022003},
URL = {http://dx.doi.org/10.1080/19443994.2015.1022003},
eprint = {http://dx.doi.org/10.1080/19443994.2015.1022003}
}
@article{Dendukuri200541,
title = "Flow visualization through spacer filled channels by computational fluid dynamics-II: improved feed spacer designs ",
journal = "Journal of Membrane Science ",
volume = "249",
number = "1–2",
pages = "41 - 49",
year = "2005",
note = "",
issn = "0376-7388",
doi = "http://dx.doi.org/10.1016/j.memsci.2004.06.062",
url = "http://www.sciencedirect.com/science/article/pii/S0376738804006519",
author = "Dhananjay Dendukuri and Sandeep K. Karode and Ashwani Kumar",
keywords = "Computational fluid dynamics (CFD)",
keywords = "Spacers",
keywords = "Membrane",
keywords = "Fluid flow",
keywords = "Filament shape",
keywords = "Pressure drop",
keywords = "Strain rate "
}
@article{Ranade20061,
title = "Fluid dynamics of spacer filled rectangular and curvilinear channels ",
journal = "Journal of Membrane Science ",
volume = "271",
number = "1–2",
pages = "1 - 15",
year = "2006",
note = "",
issn = "0376-7388",
doi = "http://dx.doi.org/10.1016/j.memsci.2005.07.013",
url = "http://www.sciencedirect.com/science/article/pii/S0376738805005223",
author = "Vivek V. Ranade and Ashwani Kumar",
keywords = "Membrane modules",
keywords = "Spacers",
keywords = "CFD",
keywords = "Form drag",
keywords = "Viscous drag",
keywords = "Thin channels "
}
@article{Liu2015149,
title = "The application of saw-tooth promoter for flat sheet membrane filtration ",
journal = "Desalination ",
volume = "359",
number = "",
pages = "149 - 155",
year = "2015",
note = "",
issn = "0011-9164",
doi = "http://dx.doi.org/10.1016/j.desal.2014.12.039",
url = "http://www.sciencedirect.com/science/article/pii/S0011916414006869",
author = "Jianxin Liu and Zhijun Liu and Fengxia Liu and Wei Wei and Zhiyi Li and Xiaojuan Wang and Chao Dong and Xiaofei Xu",
keywords = "Flat sheet membrane",
keywords = "Microfiltration",
keywords = "Turbulence promoter",
keywords = "Saw-tooth",
keywords = "PIV "
}
@article{Liu201523,
title = "Saw-tooth spacer for membrane filtration: Hydrodynamic investigation by \{PIV\} and filtration experiment validation ",
journal = "Chemical Engineering and Processing: Process Intensification ",
volume = "91",
number = "",
pages = "23 - 34",
year = "2015",
note = "",
issn = "0255-2701",
doi = "http://dx.doi.org/10.1016/j.cep.2015.03.013",
url = "http://www.sciencedirect.com/science/article/pii/S0255270115000598",
author = "Jianxin Liu and Zhijun Liu and Xiaofei Xu and Fengxia Liu",
keywords = "Membrane filtration",
keywords = "Filtration enhancement",
keywords = "Turbulence promoter",
keywords = "Saw-tooth spacer",
keywords = "PIV "
}
@article{Reuther:1999:CMP,
	title = {Constrained Multipoint Aerodynamic Shape Optimization Using an Adjoint Formulation and Parallel Computers, Part 1},
	journal = {Journal of Aircraft},
	volume = {36},
	number = {1},
	year = {1999},
	pages = {51{\textendash}60},
	author = {James J. Reuther and Antony Jameson and Juan J. Alonso and and Mark J. Rimlinger and David Saunders}
}
@article{kirn2002design,
  title={Design optimization of high-lift configurations using a viscous continuous adjoint method},
  author={Kirn, Sangho and Alonso, Juan J and Jameson, Antony},
  journal={AIAA2002-0844},
  year={2002}
}
@article{marck2013topology,
  title={Topology optimization of heat and mass transfer problems: laminar flow},
  author={Marck, Gilles and Nemer, Maroun and Harion, Jean-Luc},
  journal={Numerical Heat Transfer, Part B: Fundamentals},
  volume={63},
  number={6},
  pages={508--539},
  year={2013},
  publisher={Taylor \& Francis}
}

@article{kontoleontos2013adjoint,
  title={Adjoint-based constrained topology optimization for viscous flows, including heat transfer},
  author={Kontoleontos, EA and Papoutsis-Kiachagias, EM and Zymaris, AS and Papadimitriou, DI and Giannakoglou, KC},
  journal={Engineering Optimization},
  volume={45},
  number={8},
  pages={941--961},
  year={2013},
  publisher={Taylor \& Francis}
}
@article{yan2014shape,
  title={Shape optimization in the Navier-Stokes flow with thermal effects},
  author={Yan, Wenjing and Gao, Zhiming},
  journal={Numerical Methods for Partial Differential Equations},
  volume={30},
  number={5},
  pages={1700--1715},
  year={2014},
  publisher={Wiley Online Library}
}
@article{alexandersen2014topology,
  title={Topology optimisation for natural convection problems},
  author={Alexandersen, Joe and Aage, Niels and Andreasen, Casper Schousboe and Sigmund, Ole},
  journal={International Journal for Numerical Methods in Fluids},
  volume={76},
  number={10},
  pages={699--721},
  year={2014},
  publisher={Wiley Online Library}
}
@article{funke2014tidal,
  title={Tidal turbine array optimisation using the adjoint approach},
  author={Funke, Simon W and Farrell, Patrick E and Piggott, MD},
  journal={Renewable Energy},
  volume={63},
  pages={658--673},
  year={2014},
  publisher={Elsevier}
}

@article{ma20042,
  title={A 2-D streamline upwind Petrov/Galerkin finite element model for concentration polarization in spiral wound reverse osmosis modules},
  author={Ma, Shengwei and Song, Lianfa and Ong, Say Leong and Ng, Wun Jern},
  journal={Journal of Membrane Science},
  volume={244},
  number={1},
  pages={129--139},
  year={2004},
  publisher={Elsevier}
}

@article{wiley2003techniques,
  title={Techniques for computational fluid dynamics modelling of flow in membrane channels},
  author={Wiley, Dianne E and Fletcher, David F},
  journal={Journal of Membrane Science},
  volume={211},
  number={1},
  pages={127--137},
  year={2003},
  publisher={Elsevier}
}